<?xml version="1.0" encoding="UTF-8"?><collection xmlns="http://www.loc.gov/MARC21/slim"><record><leader>00529nam--2200133-i-4500</leader><controlfield tag="001">000009391</controlfield><controlfield tag="002">20161230</controlfield><controlfield tag="005">20161230201028</controlfield><controlfield tag="008">060222s1000------------r-----000-0-eng-d</controlfield><datafield ind1=" " ind2=" " tag="080"><subfield code="a">541.124</subfield></datafield><datafield ind1=" " ind2=" " tag="100"><subfield code="a">Berman, M./S.A.</subfield></datafield><datafield ind1=" " ind2=" " tag="245"><subfield code="a">Bibliography of chemical kinetics and collisio n processes. an annotated bibliography of gas phase reaction rates and low-energy cross sect ions of atoms, ions and small molecules, prepa red under the direction of adolf r.hochstim</subfield></datafield><datafield ind1=" " ind2=" " tag="260"><subfield code="a">New York, Igi/Plenum, 1969 Ix + 953 P</subfield></datafield><datafield ind1=" " ind2=" " tag="852"><subfield code="a">D.1245</subfield></datafield></record></collection>